<?xml version="1.0" encoding="UTF-8"?><collection xmlns="http://www.loc.gov/MARC21/slim"><record><leader>00574nam--2200181-i-4500</leader><controlfield tag="001">000012169</controlfield><controlfield tag="002">20161230</controlfield><controlfield tag="005">20161230201029</controlfield><controlfield tag="008">060222s1000------------r-----000-0-eng-d</controlfield><datafield ind1=" " ind2=" " tag="040"><subfield code="a">IFIN-HH</subfield></datafield><datafield ind1=" " ind2=" " tag="080"><subfield code="a">539.172.5:539.12.162.8</subfield></datafield><datafield ind1="1" ind2=" " tag="100"><subfield code="a">Baltay, C</subfield></datafield><datafield ind1="1" ind2="0" tag="245"><subfield code="a">Inclusive production of particles and resonances in +p interactions at 15 gev/c</subfield><subfield code="c">C. baltay, c.v. cautis, d. cohen, m.kalelkar, d. pisello, w.d. smith, n. yeh</subfield></datafield><datafield ind1=" " ind2=" " tag="260"><subfield code="a">New York</subfield><subfield code="b">University</subfield><subfield code="c">/F.An</subfield></datafield><datafield ind1=" " ind2=" " tag="300"><subfield code="a">44P.+54FIG</subfield></datafield><datafield ind1="1" ind2=" " tag="700"><subfield code="a">Yeh, N</subfield></datafield><datafield ind1=" " ind2=" " tag="852"><subfield code="a">44771</subfield><subfield code="c">539.17</subfield></datafield><datafield ind1=" " ind2=" " tag="CAT"><subfield code="a">Sys</subfield><subfield code="c">20120618</subfield><subfield code="h">121629</subfield></datafield></record></collection>